# Examples:
# @misc{ wiki:odoo,
#     author = "Wikipédia",
#     title = "Odoo --- Wikipédia{,} l'encyclopédie libre",
#     year = "2017",
#     note =
#     "\url{fr.wikipedia.org/wiki/Odoo}
#     [En ligne; Page disponible le 10-novembre-2017]"
# }
#
# @misc{site:odoo.com,
#     author = "Odoo SA",
#     title = "Site officiel de {O}doo",
#     year = "2017",
#     note =
#     "\url{odoo.com}
#     [En ligne; Page disponible le 10-novembre-2017]"
# }
#
# @misc{doc:gpc,
#     author = "Université du Nous",
#     title = "Gestion par Consentement",
#     year = "2017",
#     note =
#     "\url{universite-du-nous.org/wp-content/uploads/2013/09/gpc-2017-v0.1.pdf}
#     [En ligne; Page disponible le 10-novembre-2017]"
# }
#
# @book{bk:odoo,
#     author = "Daniel Reis",
#     title = "Odoo Development Essentials",
#     publisher = "Pact Publishing",
#     month = "avril",
#     year = "2015",
#     note = "ISBN 978-1-78439-279-6"
# }


@misc{site:identite-cooperative,
    author = "Alliance Coopérative Internationale",
    title = "Identité coopérative",
    year = "2018",
    note =
    "\url{ica.coop/fr/node/13895}
    [En ligne; Page disponible le 01-mai-2018]"
}

@misc{site:fonctionnement-beescoop,
    author = "BEES coop",
    title = "Comment fonctionne {BEES coop}",
    year = "2018",
    note =
    "\url{bees-coop.be/le-supermarche/comment-fonctionne-bees-coop/}
    [En ligne; Page disponible le 01-mai-2018]"
}

@misc{site:base64,
    author = "Python Software Foundation",
    title = "base64",
    year = "2018",
    note =
    "\url{docs.python.org/3/library/base64.html}
    [En ligne; Page disponible le 01-mai-2018]"
}
